@book{Pierce:2002:TPL:509043,
  author    = {Pierce, Benjamin C.},
  title     = {Types and programming languages},
  year      = {2002},
  isbn      = {0-262-16209-1},
  publisher = {MIT Press},
  address   = {Cambridge, MA, USA},
} 

@misc{Aiken:ti-FL,
  author    = {Aiken, Alex and Murphy, Brian},
  title     = {Static type inference in a dynamically typed language},
  booktitle = {Proceedings of the 18th ACM SIGPLAN-SIGACT symposium on Principles of programming languages},
  series    = {POPL '91},
  year      = {1991},
  isbn      = {0-89791-419-8},
  location  = {Orlando, Florida, USA},
  pages     = {279--290},
  numpages  = {12},
  url       = {http://doi.acm.org/10.1145/99583.99621},
  doi       = {10.1145/99583.99621},
  acmid     = {99621},
  publisher = {ACM},
  address   = {New York, NY, USA}
}

@misc{fast-type,
  author    = {Frederic Pluquet, Antoine Marot, Roel Wuyts},
  title     = {Fast Type Reconstruction for Dynamically Typed Programming Languages},
}

@misc{aggressive,
  author    = {John Aycock},
  title     = {Aggressive Type Inference},
  url       = {http://www.python.org/workshops/2000-01/proceedings/papers/aycock/aycock.html}  
}

@misc{soft-typing,
    author  = {Robert Cartwright and Mike Fagan},
    title   = {Soft Typing},
    year    = {1991}
}

@misc{pluggable,
  author    = {Niklaus Haldiman, Marcus Denker, Oscar Nierstrasz},  
  title     = {Practical, Pluggable Types for a Dynamic Language}
} 

@misc{rpython,
  author    = {Davide Ancona, Massimo Ancona, Antonio Cuni, Nicholas D. Matsakis},
  title     = {RPython: a Step Towards Reconciling Dynamically and Statically Typed OO Languages}
}

@misc{py-atomic,
  author    = {Brett Cannon},
  title     = {Localized Type Inference of Atomic Types in Python},
  year      = {2005}
}

@misc{py-optstatic,
  author    = {Guido van van Rossum},
  title     = {Optional Static Typing -- Stop the Flames!},
  url       = {http://www.artima.com/weblogs/viewpost.jsp?thread=87182},
  year      = {2005},
}

@misc{py-dynamic,
  author    = {Alex Holkner, James Harland},
  title     = {Evaluating the dynamic behaviour of Python applications},
  booktitle = {In Australasian Computer Science Conference (ACSC},
  year      = {2009}
}

@misc{ti-ruby,
  author    = {Furr, Michael and An, Jong-hoon (David) and Foster, Jeffrey S. and Hicks, Michael},
  title     = {Static type inference for Ruby},
  booktitle = {Proceedings of the 2009 ACM symposium on Applied Computing},
  series    = {SAC '09},
  year      = {2009},
  isbn      = {978-1-60558-166-8},
  location  = {Honolulu, Hawaii},
  pages     = {1859--1866},
  numpages  = {8},
  url       = {http://doi.acm.org/10.1145/1529282.1529700},
  doi       = {10.1145/1529282.1529700},
  acmid     = {1529700},
  publisher = {ACM},
  address   = {New York, NY, USA},
  keywords  = {Ruby, contracts, dynamic typing, type inference},
} 

@misc{profile-typing,
  author    = {Michael Furr and et al.},
  title     = {Profile-Guided Static Typing for Dynamic Scripting Languages},
  year      = {2009}
}

% Martin Odersky
@misc{colored-local,
  author 	= {Martin Odersky and Matthias Zenger and Christoph Zenger},
  title 	= {Colored Local Type Inference},
  booktitle = {Proc. ACM Symposium on Principles of Programming Languages},
  year 		= {2001},
  pages 	= {41-53}
}

@misc{ti-constrained,
  author 	= {Martin Odersky and Martin Sulzmann and Martin Wehr},
  title  	= {Type inference with constrained types},
  booktitle = {Fourth International Workshop on Foundations of Object-Oriented Programming (FOOL)},
  year = {1997},
  publisher = {}
}



