@masterthesis{
    author = { Martin Madsen, Peter Sørensen, Kristian Kristensen },
    title = { Ecstatic — Type Inference for Ruby Using Cartesian Product Algorithm },
    school = { Aalborg University },
    year = 2007,
}
